3660 4980
98 173 121 244 4

100 376 243 466 quadam
266 368 435 466 perfusum
460 399 532 442 esse
550 397 804 462 -quamquam
826 375 878 439 vir
895 373 1116 456 doctissimus,
1138 376 1289 439 nuntium
1306 373 1389 438 duos
1412 385 1445 438 et
1460 373 1579 458 viginti
1601 396 1732 454 versus,

100 511 212 575 regem
236 511 304 555 non
325 488 373 553 ult
361 499 412 553 tra
433 468 553 573 viginti
576 486 727 573 proferre
750 486 924 551 nesciebat
911 495 1060 572 tneque
1087 496 1123 550 ut
1124 495 1202 572 pote
1225 486 1323 572 hujus
1346 486 1395 550 rei
1416 486 1542 549 inscius
1565 487 1731 549 rationem

101 598 164 664 sibi
185 597 390 680 reddiderat,
367 608 472 685 tour
493 597 600 661 nuntii
624 619 731 661 sermo
755 597 843 682 regis
868 619 1064 683 responsum
1087 596 1216 660 duobus
1238 596 1390 661 versibus
1412 604 1646 682 superaret—
1663 594 1734 658 sed

101 707 228 773 subito
191 731 308 772 oeum
332 717 530 773 concentum
553 705 721 771 turbatum
744 729 827 788 esse,
851 729 924 770 cum
940 709 1073 772 tertium
1096 707 1184 790 regis
1200 729 1396 792 responsum
1412 707 1519 769 nuntii
1542 727 1733 769 sermonem

103 818 276 904 excipiens
298 817 399 904 idque
424 816 562 881 dimidia
583 817 653 880 fere
683 826 777 902 parte
745 816 957 881 tbrevius
970 816 1106 901 legisset
1134 856 1176 864 -—
1206 838 1349 902 namque
1381 826 1430 879 sta
1432 818 1500 898 tim,
1528 836 1733 901 quamquam

100 950 216 1001 versus
245 949 313 990 non
344 936 586 1008 nnmerffaverat
621 927 724 991 sensit
753 936 809 990 aut
838 925 1032 991 sumendum
1063 909 1135 990 esse
1166 925 1324 1010 gravibus
1355 926 1463 989 causis
1490 924 1531 988 od
1566 922 1733 1009 jusmodi

102 1035 348 1122 aequabilitatis
373 1035 613 1121 negligentiam
637 1034 885 1100 admittendam
893 1045 1026 1122 poetam
1042 1034 1222 1099 adductum
1239 1058 1322 1115 esse,
1336 1044 1392 1098 aut
1404 1034 1482 1098 inde
1475 1032 1735 1118 colligendum,

101 1144 280 1209 nonnullos
302 1168 417 1209 versus
441 1144 607 1209 excidisse
632 1183 670 1194 -
693 1147 811 1225 iterum
833 1146 937 1232 ipsius
961 1147 1105 1209 animum
1128 1144 1314 1231 perculsum
1347 1155 1379 1210 et
1408 1147 1507 1208 etiam
1537 1144 1644 1227 magis
1668 1151 1736 1204 tur-

100 1252 215 1320 batum
239 1277 321 1336 esse,
346 1277 420 1318 cum
441 1256 649 1341 percepisset
672 1257 820 1341 quintum
843 1257 933 1342 regis
955 1277 1151 1342 responsum
1175 1255 1289 1340 quinto
1313 1255 1421 1343 nuntii
1446 1276 1599 1317 sermone
1628 1252 1735 1315 multo

100 1363 236 1429 brevius
260 1386 343 1445 esse,
366 1373 401 1427 ιιι
422 1362 492 1427 fere
517 1362 721 1450 duplicatum
746 1374 873 1429 tantum
902 1365 979 1429 huic
1009 1348 1169 1451 aequaret
1189 1404 1230 1412 —
1252 1363 1330 1428 inde
1362 1363 1521 1447 colligere
1550 1385 1611 1426 nos
1641 1361 1736 1442 licet,

100 1473 275 1538 Ritschelii
310 1473 454 1536 animum
489 1482 605 1558 quarto
639 1476 745 1538 nuntii
779 1496 931 1539 sermone
964 1454 1120 1560 regisque
1153 1472 1331 1560 responso
1348 1474 1466 1537 iterum
1498 1471 1736 1558 „eurythmia“

77 1578 245 1668 ‘quadam
260 1581 440 1668 ‘impletum
463 1581 575 1664 fuisse,
600 1605 799 1670 quamquam
822 1583 995 1669 longitudo
1018 1584 1190 1668 utriusque
1215 1585 1360 1670 quinque
1384 1581 1537 1647 versibus
1560 1582 1628 1664 (vel
1651 1583 1762 1672 uno),

103 1691 237 1757 diversa
260 1701 364 1775 esset3
388 1689 448 1754 secl
469 1686 577 1772 virum
601 1691 736 1757 doctum
758 1693 845 1760 hane
869 1693 1097 1758 diversitatem
1120 1715 1188 1756 non
1211 1694 1367 1775 sensisse,
1390 1693 1513 1778 quippe
1540 1692 1595 1777 qui
1618 1712 1737 1754 versus
1769 1688 1776 1713 ³

1760 1730 1781 1837 ι

50 1836 55 1846 ·
102 1823 170 1865 non
203 1810 418 1865 numerasset.
470 1800 642 1865 Hactenus
677 1826 725 1885 ea,
756 1826 840 1889 quae
868 1802 1070 1868 Ritschelius
1101 1811 1242 1883 enarrat,
1272 1803 1393 1885 rettuli,
1426 1801 1545 1889 quibus
1576 1802 1737 1865 continuo
1779 1876 1781 1881 ,

104 1908 231 1995 aliquid
255 1909 297 1974 de
320 1910 402 1974 meis
418 1907 539 1994 adjeci,
562 1931 629 1973 non
653 1934 718 1997 quo
743 1910 901 1993 dubitem,
923 1912 1141 1976 Ritschelium
1164 1913 1200 1977 re
1216 1933 1297 1976 vera
1320 1934 1358 1975 eo
1381 1919 1506 1975 motum
1530 1933 1602 1974 esse
1626 1934 1738 1992 sensu,

103 2041 173 2083 non
196 2041 261 2106 quo
285 2018 431 2083 fn'catum
456 2041 530 2081 enm
554 2042 686 2084 sensum
710 2043 783 2085 esse
800 2020 950 2107 judicem
972 2031 1008 2086 ·et
1028 2021 1159 2103 falsum,
1183 2021 1243 2086 sed
1265 2030 1301 2085 ut
1317 2044 1467 2103 caveam,
1489 2043 1531 2084 ne
1551 2019 1636 2083 falsa
1655 2019 1738 2084 inde

106 2127 316 2214 colligantur,
345 2137 381 2191 ut
404 2128 504 2213 justis
534 2136 691 2214 tanquam
721 2129 843 2194 linibus
873 2131 1145 2195 circumscribam
1184 2117 1239 2212 ea,
1274 2153 1359 2216 quae
1388 2129 1590 2194 Ritschelius
1618 2130 1740 2211 attulit,
1777 2124 1781 2131 ’

106 2247 311 2323 argumenta,
334 2247 369 2301 ut
391 2247 549 2323 tanquam
573 2237 677 2322 digito
701 2241 889 2322 monstrem,
911 2240 969 2305 ubi
991 2239 1093 2305 lateat
1114 2228 1287 2304 Ritsch'elii
1312 2264 1413 2322 error,
1440 2241 1474 2304 in
1499 2263 1596 2326 quem
1619 2249 1742 2324 postea

27 2386 30 2391 ·
106 2345 235 2410 incidit.
706 2411 709 2417 ,

190 2468 201 2549 ⁴·
234 2454 301 2520 Sed
325 2454 508 2537 audiamus,
532 2453 611 2540 quid
634 2455 776 2540 primum
799 2479 842 2520 ex
857 2457 908 2520 his
928 2457 1082 2522 'sensibus
1107 2458 1289 2544 collegerit.
1333 2459 1384 2538 Ae
1409 2447 1491 2522 dicit
1514 2457 1649 2544 quidem
1674 2449 1761 2523 sibi¹

108 2587 179 2628 eam
200 2574 323 2661 ¹sponte
347 2563 584 2657 cogitationem
607 2561 757 2628 obortam
792 2589 873 2647 osse,
899 2576 935 2630 ut
963 2577 1105 2653 putaret,
1132 2568 1275 2632 futurum
1302 2569 1404 2632 fuisse
1436 2577 1472 2631 ut
1501 2577 1601 2653 poeta
1633 2567 1741 2632 multo

107 2672 225 2738 melitis
248 2697 317 2738 rem
340 2685 483 2758 gereret,
507 2675 534 2749 si
558 2696 671 2737 omnes
695 2674 843 2759 singulos
859 2676 966 2740 nuntii
989 2699 1159 2741 sermones
1183 2688 1216 2742 et
1230 2678 1319 2762 regis
1339 2699 1501 2762 responsa
1517 2674 1743 2762 aequabiliter

110 2782 278 2847 dimensus
312 2791 416 2863 esset,
451 2792 486 2846 nt
519 2781 626 2846 forma
659 2785 845 2849 sententiae
882 2784 924 2849 ad
952 2787 1107 2850 amussim
1141 2785 1396 2850 accommodata
1430 2796 1526 2867 osset,
1562 2808 1636 2848 cum
1671 2809 1742 2850 nou
1771 2812 1774 2817 ·

32 2895 35 2902 '
109 2891 358 2984 intelligeretur,
382 2914 440 2955 cur
462 2891 612 2975 Megarei
639 2902 672 2956 et
693 2893 827 2957 Actoris
857 2893 1016 2958 auxilinm
1046 2897 1154 2959 minus
1176 2895 1401 2977 exhiberetur,
1429 2917 1527 2981 quam
1551 2904 1742 2959 ceterorum

110 3000 247 3084 ducum3
273 2999 362 3086 qnod
385 3010 496 3064 tamen
518 3002 627 3088 minus
651 3002 813 3085 exhiberi,
836 3005 900 3067 nisi
922 3005 1011 3091 regis
1033 3027 1204 3091 responsa,
1223 3005 1341 3091 quibus
1357 3007 1381 3069 ii
1395 3005 1607 3083 inducuntur,
1631 3007 1741 3069 nuntii

110 3109 329 3191 sermonibus,
347 3110 465 3196 quibus
482 3110 666 3175 adversarii
682 3112 904 3196 nominantur,
920 3103 1130 3198 longitudine
1147 3137 1278 3202 quoque
1295 3121 1477 3199 aequarent
1493 3120 1526 3174 et
1540 3111 1629 3191 inde,
1650 3114 1743 3197 quod

112 3218 196 3284 haec
219 3219 277 3283 lex
299 3218 455 3303 neglecta
472 3229 567 3301 esset,
584 3220 655 3285 fore
671 3231 707 3285 nt
724 3221 946 3307 colligeretur,
969 3245 1084 3308 regem
1102 3225 1136 3286 in
1153 3223 1323 3308 angustias
1338 3220 1511 3285 redactum
1529 3243 1601 3284 esse
1618 3221 1742 3306 videri,
1759 3228 1765 3239 “

112 3322 186 3394 cnm
210 3353 277 3394 non
301 3353 406 3415 aeque
428 3329 530 3414 longa
553 3331 781 3416 responderet.
1202 3399 1205 3405 ,

238 3438 526 3520 Quemadmodum
567 3440 721 3525 equidem
752 3442 912 3523 concedo,
948 3440 1077 3506 baec
1069 3464 1103 3504 ιιι
1132 3441 1323 3504 universum
1352 3449 1425 3504 rect
1427 3439 1537 3503 issime
1572 3438 1744 3524 disputata

113 3559 308 3636 essentque
333 3548 543 3613 subrleme
564 3548 709 3614 faceum
731 3550 906 3615 Rrschelu
927 3551 1111 3614 venustatis
1135 3572 1268 3614 sensum
1290 3526 1647 3635 p1o·ide1e,ta·facerc
1672 3573 1742 3614 non

111 3681 257 3749 possum,
275 3659 354 3744 quin
365 3657 437 3742 jam
452 3657 517 3740 hic,
534 3656 733 3745 quamquam
749 3660 834 3723 infra
838 3667 938 3746 ,tpos
939 3682 1035 3746 quam
1053 3659 1166 3723 locos
1157 3679 1248 3744 rpsos
1261 3668 1397 3722 accurat
1398 3660 1448 3722 lus
1460 3658 1743 3743 perspexerimus,

111 3768 215 3848 fusius
239 3766 280 3831 de
303 3766 366 3830 hac
389 3789 425 3829 re
449 3764 685 3855 exponendum
709 3771 781 3851 erit,
758 3769 887 3833 thaso
911 3791 1087 3856 opponam,
1110 3778 1169 3854 pot
1170 3769 1258 3831 nisse
1280 3769 1410 3871 fieri,u
1413 3776 1562 3853 tpoeta
1570 3768 1744 3833 imnmtata
1772 3754 1777 3759 ⁵

115 3875 223 3940 subito
246 3876 353 3940 forma
375 3790 580 3939 audienltium
603 3879 731 3942 animos
757 3819 826 3942 fere
857 3878 991 3944 laedere
1014 3877 1125 3958 vellet,
1156 3886 1191 3941 ιιι
1214 3877 1308 3959 hae
1300 3899 1372 3962 rpsa
1395 3876 1521 3940 formae
1546 3875 1687 3941 diversit
1674 3888 1743 3942 tate
1778 3888 1781 3897 ‘

113 3986 242 4049 varium
264 3986 353 4070 regis
376 3985 545 4069 ingenium
568 3976 791 4073 perciperent.
823 3987 999 4052 Undenam
1015 3926 1397 4050 Ritsclieliusmeherele
1415 3987 1585 4070 comperit,
1608 3996 1744 4069 poetam
1774 4013 1778 4023 ·

100 4094 269 4185 soluisse,
298 4102 334 4156 ut
361 4115 422 4156 rex
450 4092 573 4178 ubique
604 4097 720 4186 eadem
753 4098 854 4160 animi
876 4095 1126 4182 tranquillitate,
1152 4117 1236 4181 qnae
1267 4118 1303 4158 re
1333 4116 1414 4166 vera
1441 4095 1552 4180 potius
1583 4103 1633 4156 est
1662 4094 1745 4159 ficta

117 4235 213 4298 quam
237 4234 330 4292 vera,
354 4210 413 4274 sub
438 4233 504 4296 qua
525 4209 649 4295 ubique
669 4207 870 4292 'gravissima
892 4207 942 4269 ira
966 4215 998 4269 et
1021 4204 1133 4268 odium
1155 4204 1270 4285 latent,
1300 4202 1480 4266 adomnia
1510 4200 1744 4288 responderet,

19 4367 35 4377 ··
95 4332 151 4384 ἰιι
175 4343 336 4406 nusquam
359 4321 428 4383 irae
450 4328 609 4404 tanquam
631 4316 785 4381 velamen
807 4324 1085 4402 perrumperetur.
1130 4313 1219 4394 Quid
1242 4315 1269 4377 si
1299 4321 1400 4399 poeta
1421 4313 1532 4376 varios
1554 4306 1643 4394 regis
1674 4313 1749 4377 irae

61 4408 64 4413 ⁶
121 4439 153 4494 et
176 4428 244 4493 odii
268 4428 392 4516 gradus
414 4411 577 4492 varietate
598 4427 724 4491 formae
749 4426 859 4490 sensui
883 4423 1259 4515 accommodatissimas
1280 4421 1462 4508 depingere
1485 4418 1644 4482 volebat?
1674 4419 1745 4483 Sed
